@book{HPbook2003,
  title={Fundamentals of error-correcting codes},
  author={Huffman, W Cary and Pless, Vera},
  year={2003},
  publisher={Cambridge university press}
}


@Inbook{Seberry1994,
title={On constructions and nonlinearity of correlation immune functions},
  author={Seberry, Jennifer and Zhang, Xian-Mo and Zheng, Yuliang},
  booktitle={Workshop on the Theory and Application of of Cryptographic Techniques},
  pages={181--199},
  year={1993},
  organization={Springer}
}

@article{HuangYUSTIT16,
  author    = {Pengfei Huang and
               Eitan Yaakobi and
               Hironori Uchikawa and
               Paul H. Siegel},
  title     = {Binary Linear Locally Repairable Codes},
  journal   = {{IEEE} Trans. Inf. Theory},
  volume    = {62},
  number    = {11},
  pages     = {6268--6283},
  year      = {2016},
  url       = {https://doi.org/10.1109/TIT.2016.2605119},
  doi       = {10.1109/TIT.2016.2605119},
  timestamp = {Tue, 10 Mar 2020 10:43:16 +0100},
  biburl    = {https://dblp.org/rec/journals/tit/HuangYUS16.bib},
  bibsource = {dblp computer science bibliography, https://dblp.org}
}

@inproceedings{Viveck2013,
  author    = {Viveck R. Cadambe and
               Arya Mazumdar},
  title     = {An upper bound on the size of locally recoverable codes},
  booktitle = {International Symposium on Network Coding, NetCod 2013, Calgary, AB,
               Canada, June 7-9, 2013},
  pages     = {1--5},
  publisher = {{IEEE}},
  year      = {2013},
}

@article{Viveck2015,
  author    = {Viveck R. Cadambe and
               Arya Mazumdar},
  title     = {Bounds on the Size of Locally Recoverable Codes},
  journal   = {{IEEE} Trans. Inf. Theory},
  volume    = {61},
  number    = {11},
  pages     = {5787--5794},
  year      = {2015},
  url       = {https://doi.org/10.1109/TIT.2015.2477406},
  doi       = {10.1109/TIT.2015.2477406},
  timestamp = {Tue, 10 Mar 2020 10:45:23 +0100},
  biburl    = {https://dblp.org/rec/journals/tit/CadambeM15.bib},
  bibsource = {dblp computer science bibliography, https://dblp.org}
}

@inproceedings{Natalia2015,
  author    = {Natalia Silberstein and
               Alexander Zeh},
  title     = {Optimal binary locally repairable codes via anticodes},
  booktitle = {{IEEE} International Symposium on Information Theory, {ISIT} 2015,
               Hong Kong, China, June 14-19, 2015},
  pages     = {1247--1251},
  publisher = {{IEEE}},
  year      = {2015},
}



@article{Gopalan-et-al,
  author    = {Parikshit Gopalan and
               Cheng Huang and
               Huseyin Simitci and
               Sergey Yekhanin},
  title     = {On the Locality of Codeword Symbols},
  journal   = {{IEEE} Trans. Information Theory},
  volume    = {58},
  number    = {11},
  pages     = {6925--6934},
  year      = {2012},
  url       = {https://doi.org/10.1109/TIT.2012.2208937},
  doi       = {10.1109/TIT.2012.2208937},
  timestamp = {Sun, 28 May 2017 13:18:36 +0200}
}

@article{Tamo-Barg-2014,
  author    = {Itzhak Tamo and
               Alexander Barg},
  title     = {A Family of Optimal Locally Recoverable Codes},
  journal   = {{IEEE} Trans. Inf. Theory},
  volume    = {60},
  number    = {8},
  pages     = {4661--4676},
  year      = {2014},
  url       = {https://doi.org/10.1109/TIT.2014.2321280},
  doi       = {10.1109/TIT.2014.2321280},
  timestamp = {Tue, 10 Mar 2020 10:47:12 +0100},
  biburl    = {https://dblp.org/rec/journals/tit/TamoB14.bib},
  bibsource = {dblp computer science bibliography, https://dblp.org}
}

@incollection{Mesnager-Handbook,
  title={Linear codes from functions},
  author={Mesnager, Sihem},
  booktitle={Concise Encyclopedia of Coding Theory},
  pages={463--526},
  year={2021},
  publisher={Chapman and Hall/CRC}
}

@book{Book-Carlet,
  editor    = {Claude Carlet},
  title     = {Boolean Functions for Cryptography and Coding Theory},
  publisher = {Cambridge University Press},
  year      = {2020},
  url       = {https://doi.org/10.1017/9781108606806},
  doi       = {10.1017/9781108606806},
  isbn      = {9781108606806},
  timestamp = {Mon, 27 Jun 2022 17:31:16 +0200},
  biburl    = {https://dblp.org/rec/books/cu/20/C2020.bib},
  bibsource = {dblp computer science bibliography, https://dblp.org}
}


@article{CarletMesnagerDCC2015,
  author    = {Claude Carlet and
               Sihem Mesnager},
  title     = {Four decades of research on bent functions},
  journal   = {Des. Codes Cryptography},
  volume    = {78},
  number    = {1},
  pages     = {5--50},
  year      = {2016},
  url       = {http://dx.doi.org/10.1007/s10623-015-0145-8},
  doi       = {10.1007/s10623-015-0145-8},
  timestamp = {Wed, 13 Jan 2016 12:14:42 +0100},
  biburl    = {http://dblp.uni-trier.de/rec/bib/journals/dcc/CarletM16},
  bibsource = {dblp computer science bibliography, http://dblp.org}
}

@book{DX1991,
  title={The stability theory of stream ciphers},
  author={Ding, Cunsheng and Xiao, Guozhen and Shan, Weijuan},
  volume={561},
  year={1991},
  publisher={Springer}
}

@inproceedings{MS-88,
  title={Fast correlation attacks on stream ciphers},
  author={Meier, Willi and Staffelbach, Othmar},
  booktitle={Advances in Cryptology--EUROCRYPT 1988},
  pages={301--314},
  year={1988},
  organization={Springer}
}

@article{DingIT2015,
  author    = {Cunsheng Ding},
  title     = {Linear Codes From Some 2-Designs},
  journal   = {{IEEE} Transactions on Information Theory},
  volume    = {61},
  number    = {6},
  pages     = {3265--3275},
  year      = {2015},
  url       = {http://dx.doi.org/10.1109/TIT.2015.2420118},
  doi       = {10.1109/TIT.2015.2420118},
  timestamp = {Fri, 22 May 2015 17:49:38 +0200},
  biburl    = {http://dblp.uni-trier.de/rec/bib/journals/tit/Ding15a},
  bibsource = {dblp computer science bibliography, http://dblp.org}
}


@article{DingDM16,
  author    = {Cunsheng Ding},
  title     = {A construction of binary linear codes from {B}oolean functions},
  journal   = {Discrete Mathematics},
  volume    = {339},
  number    = {9},
  pages     = {2288--2303},
  year      = {2016},
  url       = {http://dx.doi.org/10.1016/j.disc.2016.03.029},
  doi       = {10.1016/j.disc.2016.03.029},
  timestamp = {Tue, 21 Jun 2016 15:35:43 +0200},
  biburl    = {http://dblp.uni-trier.de/rec/bib/journals/dm/Ding16},
  bibsource = {dblp computer science bibliography, http://dblp.org}
}

@book{MS1977,
  title={The theory of error-correcting codes},
  author={MacWilliams, Florence Jessie and Sloane, Neil James Alexander},
  volume={16},
  year={1977},
  publisher={Elsevier}
}


@article{Rothaus,
  title={On ``bent" functions},
  author={Rothaus, Oscar S},
  journal={Journal of Combinatorial Theory, Series A},
  volume={20},
  number={3},
  pages={300--305},
  year={1976},
  publisher={Elsevier}
}


@book{SihemBentBook16,
  author    = {Sihem Mesnager},
  title     = {Bent Functions - Fundamentals and Results},
  publisher = {Springer},
  year      = {2016},
  url       = {https://doi.org/10.1007/978-3-319-32595-8},
  doi       = {10.1007/978-3-319-32595-8},
  isbn      = {978-3-319-32593-4},
  timestamp = {Tue, 16 May 2017 14:01:44 +0200},
  biburl    = {https://dblp.org/rec/bib/books/sp/Mesnager16},
  bibsource = {dblp computer science bibliography, https://dblp.org}
}


@phdthesis{Dil74,
  title={Elementary Hadamard difference sets},
  author={Dillon, John F},
  year={1974},
  school={Univ. of Maryland}
}

@article{Mcfarland1973differencesets,
  title={A family of difference sets in non-cyclic groups},
  author={McFarland, Robert L},
  journal={Journal of Combinatorial Theory, Series A},
  volume={15},
  number={1},
  pages={1--10},
  year={1973},
  publisher={Elsevier}
}


@article{Carlet10,
  title={{B}oolean functions for cryptography and error correcting codes},
  author={Carlet, Claude},
  journal={{B}oolean Models and Methods in Mathematics, Computer Science, and Engineering},
  volume={2},
  pages={257--397},
  year={2010},
  publisher={Cambridge University Press Cambridge}
}


@article{Carl93,
  title={Partially-bent functions},
  author={Carlet, Claude},
  journal={Designs, Codes and Cryptography},
  volume={3},
  number={2},
  pages={135--145},
  year={1993},
  publisher={Springer}
}



@inproceedings{MLRHLLPSVTK14,
  author    = {Muralidhar Subramanian and
               Wyatt Lloyd and
               Sabyasachi Roy and
               Cory Hill and
               Ernest Lin and
               Weiwen Liu and
               Satadru Pan and
               Shiva Shankar and
               Sivakumar Viswanathan and
               Linpeng Tang and
               Sanjeev Kumar},
  editor    = {Jason Flinn and
               Hank Levy},
  title     = {f4: Facebook's Warm {BLOB} Storage System},
  booktitle = {11th {USENIX} Symposium on Operating Systems Design and Implementation,
               {OSDI} '14, Broomfield, CO, USA, October 6-8, 2014},
  pages     = {383--398},
  publisher = {{USENIX} Association},
  year      = {2014},
  url       = {https://www.usenix.org/conference/osdi14/technical-sessions/presentation/muralidhar},
  timestamp = {Tue, 02 Feb 2021 08:05:58 +0100},
  biburl    = {https://dblp.org/rec/conf/osdi/SubramanianLRHLLPSVTK14.bib},
  bibsource = {dblp computer science bibliography, https://dblp.org}
}




@article{jin2019constructions,
  title={Constructions of locally repairable codes with multiple recovering sets via rational function fields},
  author={Jin, Lingfei and Kan, Haibin and Zhang, Yu},
  journal={IEEE Transactions on Information Theory},
  volume={66},
  number={1},
  pages={202--209},
  year={2019},
  publisher={IEEE}
}

@article{cai2019optimal,
  title={On optimal locally repairable codes with multiple disjoint repair sets},
  author={Cai, Han and Miao, Ying and Schwartz, Moshe and Tang, Xiaohu},
  journal={IEEE Transactions on Information Theory},
  volume={66},
  number={4},
  pages={2402--2416},
  year={2019},
  publisher={IEEE}
}

@article{wang2021construction,
  title={Construction of Binary Locally Repairable Codes with Optimal Distance and Code Rate},
  author={Wang, Jing and Shen, Keqin and Liu, Xiangyang and Yu, Chunlei},
  journal={IEEE Communications Letters},
  year={2021},
  publisher={IEEE}
}

@article{zhang2020locally,
  title={Locally repairable codes from combinatorial designs},
  author={Zhang, Yu and Kan, Haibin},
  journal={Science China Information Sciences},
  volume={63},
  number={2},
  pages={1--15},
  year={2020},
  publisher={Springer}
}

@article{2015Bounds,
  title={Bounds on the Parameters of Locally Recoverable Codes},
  author={ Tamo, I.  and  Barg, A.  and  Frolov, A. },
  journal={IEEE Transactions on Information Theory},
  volume={62},
  number={6},
  pages={3070-3083},
  year={2015},
}

@article{2013Repair,
  title={Repair Locality with Multiple Erasure Tolerance},
  author={ Wang, A  and  Zhang, Z },
  journal={Information Theory IEEE Transactions on},
  volume={60},
  number={11},
  pages={6979-6987},
  year={2013},
}

@article{2015AnWang,
  title={An Integer Programming Based Bound for Locally Repairable Codes},
  author={ Wang, A.  and  Zhang, Z. },
  journal={IEEE Transactions on Information Theory},
  volume={61},
  number={10},
  pages={5280-5294},
  year={2015},
}

@article{2016Locality,
  title={Locality and Availability in Distributed Storage},
  author={ Rawat, A. S.  and  Papailiopoulos, D. S.  and  Dimakis, A. G.  and  Vishwanath, S. },
  journal={IEEE Transactions on Information Theory},
  volume={62},
  number={8},
  pages={4481-4493},
  year={2016},
}


@inproceedings{Huang2012erasure,
  title={Erasure coding in windows azure storage},
  author={Huang, Cheng and Simitci, Huseyin and Xu, Yikang and Ogus, Aaron and Calder, Brad and Gopalan, Parikshit and Li, Jin and Yekhanin, Sergey},
  booktitle={2012 $\{$USENIX$\}$ Annual Technical Conference ($\{$USENIX$\}$$\{$ATC$\}$ 12)},
  pages={15--26},
  year={2012}
}

@inproceedings{PamiesISIT2013,
  title={Locally repairable codes with multiple repair alternatives},
  author={Pamies-Juarez, Lluis and Hollmann, Henk DL and Oggier, Fr{\'e}d{\'e}rique},
  booktitle={2013 {IEEE} international symposium on information theory},
  pages={892--896},
  year={2013},
  organization={IEEE}
}