%% LaTeX2e file `refs.bib'
%% generated by the `filecontents' environment
%% from source `main20221221' on 2023/03/08.
%%
        @inproceedings{Wegener018,
            author    = {Felix Wegener and
                        Amir Moradi},
            editor    = {Junfeng Fan and
                        Benedikt Gierlichs},
            title     = {A First-Order {SCA} Resistant {AES} Without Fresh Randomness},
            booktitle = {Constructive Side-Channel Analysis and Secure Design - 9th International
                        Workshop, {COSADE} 2018, Singapore, April 23-24, 2018, Proceedings},
            series    = {Lecture Notes in Computer Science},
            volume    = {10815},
            pages     = {245--262},
            publisher = {Springer},
            year      = {2018},
            url       = {https://doi.org/10.1007/978-3-319-89641-0\_14},
            doi       = {10.1007/978-3-319-89641-0\_14},
            timestamp = {Sun, 25 Oct 2020 22:34:15 +0100},
        }
        @article{Sugawara19,
            author    = {Takeshi Sugawara},
            title     = {3-Share Threshold Implementation of {AES} S-box without Fresh Randomness},
            journal   = {{IACR} Trans. Cryptogr. Hardw. Embed. Syst.},
            volume    = {2019},
            number    = {1},
            pages     = {123--145},
            year      = {2019},
            url       = {https://doi.org/10.13154/tches.v2019.i1.123-145},
            doi       = {10.13154/tches.v2019.i1.123-145},
            timestamp = {Fri, 26 Aug 2022 13:51:44 +0200},
            }
            @article{GrossIB18,
                author    = {Hannes Gro{\ss} and
                            Rinat Iusupov and
                            Roderick Bloem},
                title     = {Generic Low-Latency Masking in Hardware},
                journal   = {{IACR} Trans. Cryptogr. Hardw. Embed. Syst.},
                volume    = {2018},
                number    = {2},
                pages     = {1--21},
                year      = {2018},
                url       = {https://doi.org/10.13154/tches.v2018.i2.1-21},
                doi       = {10.13154/tches.v2018.i2.1-21},
                timestamp = {Mon, 03 Jan 2022 21:55:44 +0100},
                }

                @inproceedings{NikovaRR06,
                author    = {Svetla Nikova and
                             Christian Rechberger and
                             Vincent Rijmen},
                editor    = {Peng Ning and
                             Sihan Qing and
                             Ninghui Li},
                title     = {Threshold Implementations Against Side-Channel Attacks and Glitches},
                booktitle = {Information and Communications Security, 8th International Conference,
                             {ICICS} 2006, Raleigh, NC, USA, December 4-7, 2006, Proceedings},
                series    = {Lecture Notes in Computer Science},
                volume    = {4307},
                pages     = {529--545},
                publisher = {Springer},
                year      = {2006},
                url       = {https://doi.org/10.1007/11935308\_38},
                doi       = {10.1007/11935308\_38},
                timestamp = {Thu, 31 Oct 2019 17:50:31 +0100},
              }
        
