@phdthesis{daemen1995cipher,
  title={Cipher and hash function design strategies based on linear and differential cryptanalysis},
  author={Daemen, Joan},
  year={1995},
  school={Doctoral Dissertation, March 1995, KU Leuven}
}
@inproceedings{youssef1997design,
  title={On the design of linear transformations for substitution permutation encryption networks},
  author={Youssef, AM and Mister, S and Tavares, SE},
  booktitle={Workshop on Selected Areas of Cryptography (SAC’96): Workshop Record},
  pages={40--48},
  year={1997}
}
@inproceedings{wu2012recursive,
  title={Recursive diffusion layers for (lightweight) block ciphers and hash functions},
  author={Wu, Shengbao and Wang, Mingsheng and Wu, Wenling},
  booktitle={International Conference on Selected Areas in Cryptography},
  pages={355--371},
  year={2012},
  organization={Springer}
}
@article{sajadieh2015efficient,
  title={Efficient recursive diffusion layers for block ciphers and hash functions},
  author={Sajadieh, Mahdi and Dakhilalian, Mohammad and Mala, Hamid and Sepehrdad, Pouyan},
  journal={Journal of Cryptology},
  volume={28},
  number={2},
  pages={240--256},
  year={2015},
  publisher={Springer}
}
@article{li2019lightweight,
  title={Lightweight iterative MDS matrices: how small can we go?},
  author={Li, Shun and Sun, Siwei and Shi, Danping and Li, Chaoyun and Hu, Lei},
  journal={Cryptology ePrint Archive},
  year={2019}
}
@misc{dawu2003advanced,
  title={The advanced encryption standard (AES) algorithm-Rijndael design},
  author={Dawu, Gu},
  year={2003},
  publisher={Bei Jing: TSINGHUA Universicity Press}
}
@inproceedings{shimoyama2001block,
  title={The block cipher SC2000},
  author={Shimoyama, Takeshi and Yanami, Hitoshi and Yokoyama, Kazuhiro and Takenaka, Masahiko and Itoh, Kouichi and Yajima, Jun and Torii, Naoya and Tanaka, Hidema},
  booktitle={International Workshop on Fast Software Encryption},
  pages={312--327},
  year={2001},
  organization={Springer}
}
@misc{lu2012gm,
  title={GM/T0002—2012 SM4 block cipher algorithm},
  author={L{\"U}, SW and LI DW, ZHANG C and others},
  year={2012},
  publisher={Beijing: China Standard Press, 2012. 吕述望, 李大为, 张超, 等. GM/T0002~…}
}
@inproceedings{klimov2005new,
  title={New applications of T-functions in block ciphers and hash functions},
  author={Klimov, Alexander and Shamir, Adi},
  booktitle={International Workshop on Fast Software Encryption},
  pages={18--31},
  year={2005},
  organization={Springer}
}
@article{han2013properties,
  title={The Properties of Orthomorphisms on the Galois Field},
  author={Han, H and Xu, X and Zhu, S},
  journal={Research Journal of Applied Sciences, Engineering and Technology},
  volume={5},
  number={5},
  pages={1853--1858},
  year={2013}
}
@article{qu2017A,
  title={A Note on MDS Mappings},
  author={ Cheng-Qin, Q. U.  and  Zhou, X.  and  Bai, S. J. },
  journal={Communications Technology},
  year={2017},
}
@article{liu2018nonlinear,
  title={Nonlinear diffusion layers},
  author={Liu, Yunwen and Rijmen, Vincent and Leander, Gregor},
  journal={Designs, Codes and Cryptography},
  volume={86},
  number={11},
  pages={2469--2484},
  year={2018},
  publisher={Springer}
}
@article{shamsabad2019randomized,
  title={Randomized nonlinear software-oriented MDS diffusion layers},
  author={Shamsabad, Mohammad Reza Mirzaee and Dehnavi, Seyed Mojtaba and Rishakani, Akbar Mahmoodi},
  journal={Groups Complexity Cryptology},
  volume={11},
  number={2},
  pages={123--131},
  year={2019},
  publisher={De Gruyter}
}
@article{shamsabad2021family,
  title={A Family of Nonlinear MDS Diffusion Layers over $\mathbb{F}_{2^{4n}}$},
  author={Shamsabad, MR Mirzaee and Dehnavi, SM},
  journal={Cryptology ePrint Archive},
  year={2021}
}
@article{mann1942construction,
  title={The construction of orthogonal Latin squares},
  author={Mann, Henry B},
  journal={The Annals of Mathematical Statistics},
  volume={13},
  number={4},
  pages={418--423},
  year={1942},
  publisher={JSTOR}
}